

@article{dfo-2020-evaluating-robustness,
	title = {Evaluating the robustness of candidate management procedures in the {BC} sablefish ({Anoplopoma} fimbria) fishery for 2019-2020},
	journal = {CSAS Science Response 2020/025},
	author = {{DFO}},
	year = {2020}
}

@article{haltuch-2019-status-sablefish,
	title = {Status of the sableﬁsh stock in {U}.{S}. waters in 2019},
	author = {Haltuch, Melissa A and Johnson, Kelli F and Tolimieri, Nick and Kapur, Maia S and Castillo-Jordán, Claudio A},
	journal = {Pacific Fisheries Management Council, 7700 Ambassador Place NE, Suite 200, Portland, OR.},	
	year = {2019},
	pages = {358}
}

@article{hanselman-2015-move-it,
	title = {Move it or lose it: movement and mortality of sablefish tagged in {Alaska}},
	volume = {72},
	doi = {10.1139/cjfas-2014-0251},
	number = {2},
	journal = {Canadian Journal of Fisheries and Aquatic Sciences},
	author = {Hanselman, Dana H. and Heifetz, Jonathan and Echave, Katy B. and Dressel, Sherri C.},
	year = {2015},
	pages = {238--251},
}

@article{langrock-2012-flexible-practical,
	title = {Flexible and practical modeling of animal telemetry data: hidden {Markov} models and extensions},
	volume = {93},
	doi = {10.1890/11-2241.1},
	number = {11},
	journal = {Ecology},
	author = {Langrock, Roland and King, Ruth and Matthiopoulos, Jason and Thomas, Len and Fortin, Daniel and Morales, Juan M.},
	year = {2012},
	pages = {2336--2342}
}

@article{saunders-1990-factors-affect,
  author = {Saunders, M.W. and McFarlane, Gordon and Beamish, R.J.},
  year = {1990},
  pages = {708-713},
  title = {Factors that affect the recapture of tagged Sablefish off the west coast of {C}anada},
  volume = {7},
  journal = {American Fisheries Society Symposium}
}


